<?xml version="1.0" encoding="UTF-8"?><collection xmlns="http://www.loc.gov/MARC21/slim"><record><leader>00384nam--2200133-i-4500</leader><controlfield tag="001">000006693</controlfield><controlfield tag="002">20161230</controlfield><controlfield tag="005">20161230201026</controlfield><controlfield tag="008">060222s1000------------r-----000-0-eng-d</controlfield><datafield ind1=" " ind2=" " tag="100"><subfield code="a">Chang,Sheldon S.L</subfield></datafield><datafield ind1=" " ind2=" " tag="245"><subfield code="a">Energy conversion</subfield></datafield><datafield ind1=" " ind2=" " tag="260"><subfield code="a">Englewood Cliffs,Prentice-hall,Inc.,1963.Xi+ 237 P</subfield></datafield><datafield ind1=" " ind2=" " tag="490"><subfield code="a">Prentice-hall International Series In Electric Al Engineering</subfield></datafield><datafield ind1=" " ind2=" " tag="852"><subfield code="a">19619</subfield></datafield></record></collection>